<record><leader>00000nas a2200000 i 4500</leader><controlfield tag="001">889328923</controlfield><controlfield tag="008">140827d19161919nbuer ne      0   a0cze  </controlfield><datafield ind1=" " ind2=" " tag="010"><subfield code="a">  2014203050</subfield></datafield><datafield ind1=" " ind2=" " tag="040"><subfield code="a">DLC</subfield><subfield code="b">eng</subfield><subfield code="e">rda</subfield><subfield code="c">DLC</subfield></datafield><datafield ind1="0" ind2=" " tag="022"><subfield code="a">2374-5207</subfield><subfield code="2">1</subfield></datafield><datafield ind1=" " ind2=" " tag="042"><subfield code="a">pcc</subfield><subfield code="a">nsdp</subfield></datafield><datafield ind1="1" ind2="0" tag="050"><subfield code="a">ISSN RECORD</subfield></datafield><datafield ind1="1" ind2="0" tag="082"><subfield code="a">070</subfield><subfield code="2">15</subfield></datafield><datafield ind1="0" ind2=" " tag="130"><subfield code="a">Kve&#780;ty Americke&#769; (Omaha, Neb. : 1916)</subfield></datafield><datafield ind1=" " ind2="0" tag="222"><subfield code="a">Kve&#780;ty Americke&#769;</subfield><subfield code="b">(Omaha, Neb. 1916)</subfield></datafield><datafield ind1="1" ind2="0" tag="245"><subfield code="a">Kve&#780;ty Americke&#769;.</subfield></datafield><datafield ind1=" " ind2="1" tag="264"><subfield code="a">Omaha, Neb. :</subfield><subfield code="b">Na&#769;rodni&#769; Tiska&#769;rna,</subfield><subfield code="c">1916-1919.</subfield></datafield><datafield ind1=" " ind2=" " tag="310"><subfield code="a">Weekly,</subfield><subfield code="b">Sept. 4, 1918-June 4, 1919</subfield></datafield><datafield ind1=" " ind2=" " tag="321"><subfield code="a">Biweekly,</subfield><subfield code="b">Sept. 13, 1916-Aug. 28, 1918</subfield></datafield><datafield ind1=" " ind2=" " tag="336"><subfield code="a">text</subfield><subfield code="b">txt</subfield><subfield code="2">rdacontent</subfield></datafield><datafield ind1=" " ind2=" " tag="337"><subfield code="a">unmediated</subfield><subfield code="b">n</subfield><subfield code="2">rdamedia</subfield></datafield><datafield ind1=" " ind2=" " tag="338"><subfield code="a">volume</subfield><subfield code="b">nc</subfield><subfield code="2">rdacarrier</subfield></datafield><datafield ind1="1" ind2=" " tag="362"><subfield code="a">Began with Roc&#780;. 24, c&#780;is. 1 (13. za&#769;r&#780;i&#769; 1916); ceased with roc&#780;. 26, c&#780;i&#769;s. 40 (4. c&#780;erv. 1919).</subfield></datafield><datafield ind1=" " ind2=" " tag="588"><subfield code="a">Description based on: Roc&#780;. 24, c&#780;is. 1 (13. za&#769;r&#780;i&#769; 1916); title from caption.</subfield></datafield><datafield ind1=" " ind2=" " tag="546"><subfield code="a">Chiefly in Czech with some English.</subfield></datafield><datafield ind1=" " ind2="0" tag="650"><subfield code="a">Czech Americans</subfield><subfield code="v">Periodicals.</subfield></datafield><datafield ind1="0" ind2="0" tag="780"><subfield code="t">Osve&#780;ta Americka&#769;</subfield><subfield code="x">2374-4847</subfield><subfield code="w">(DLC)sn 86063446</subfield><subfield code="w">(OCoLC)13379277</subfield></datafield></record>